<record><leader>00000cas a2200000 a 4500</leader><controlfield tag="001">12294607</controlfield><controlfield tag="008">850723d18851886ksuwr ne      0    0eng d</controlfield><datafield ind1=" " ind2=" " tag="010"><subfield code="a">sn 85029528 </subfield></datafield><datafield ind1=" " ind2=" " tag="040"><subfield code="a">KSH</subfield><subfield code="b">eng</subfield><subfield code="c">KSH</subfield><subfield code="d">NPT</subfield><subfield code="d">OCL</subfield><subfield code="d">OCLCQ</subfield></datafield><datafield ind1=" " ind2=" " tag="042"><subfield code="a">msc</subfield></datafield><datafield ind1="0" ind2="4" tag="245"><subfield code="a">The Larned weekly eagle-optic.</subfield></datafield><datafield ind1=" " ind2=" " tag="260"><subfield code="a">Larned, Kan. :</subfield><subfield code="b">Optic Steam Print. Co.,</subfield><subfield code="c">1885-1886.</subfield></datafield><datafield ind1=" " ind2=" " tag="300"><subfield code="a">1 v. :</subfield><subfield code="b">ill. ;</subfield><subfield code="c">64-77 cm.</subfield></datafield><datafield ind1=" " ind2=" " tag="310"><subfield code="a">Weekly</subfield></datafield><datafield ind1="0" ind2=" " tag="362"><subfield code="a">Vol. 7, no. 5 (Jan. 16, 1885)-v. 8, no. 47 (Oct. 29, 1886).</subfield></datafield><datafield ind1=" " ind2=" " tag="500"><subfield code="a">Independent.</subfield></datafield><datafield ind1=" " ind2=" " tag="752"><subfield code="a">United States</subfield><subfield code="b">Kansas</subfield><subfield code="c">Pawnee</subfield><subfield code="d">Larned.</subfield></datafield><datafield ind1="0" ind2="4" tag="780"><subfield code="t">Larned optic</subfield><subfield code="w">(DLC)sn 85029521</subfield></datafield><datafield ind1="0" ind2="4" tag="780"><subfield code="t">Larned eagle</subfield><subfield code="w">(DLC)sn 85029519</subfield></datafield><datafield ind1="0" ind2="0" tag="785"><subfield code="t">Larned eagle-optic</subfield><subfield code="w">(DLC)sn 85029511</subfield></datafield></record>